@article{DBLP:journals/corr/MnihBMGLHSK16,
  author    = {Volodymyr Mnih and
               Adri{\`{a}} Puigdom{\`{e}}nech Badia and
               Mehdi Mirza and
               Alex Graves and
               Timothy P. Lillicrap and
               Tim Harley and
               David Silver and
               Koray Kavukcuoglu},
  title     = {Asynchronous Methods for Deep Reinforcement Learning},
  journal   = {CoRR},
  volume    = {abs/1602.01783},
  year      = {2016},
  url       = {http://arxiv.org/abs/1602.01783},
  timestamp = {Wed, 07 Jun 2017 14:43:09 +0200},
  biburl    = {http://dblp.uni-trier.de/rec/bib/journals/corr/MnihBMGLHSK16},
  bibsource = {dblp computer science bibliography, http://dblp.org}
}

@article{DBLP:journals/corr/HasseltGS15,
  author    = {Hado van Hasselt and
               Arthur Guez and
               David Silver},
  title     = {Deep Reinforcement Learning with Double Q-learning},
  journal   = {CoRR},
  volume    = {abs/1509.06461},
  year      = {2015},
  url       = {http://arxiv.org/abs/1509.06461},
  timestamp = {Wed, 07 Jun 2017 14:40:43 +0200},
  biburl    = {http://dblp.uni-trier.de/rec/bib/journals/corr/HasseltGS15},
  bibsource = {dblp computer science bibliography, http://dblp.org}
}
