@Book{Alpaydm,
author 		= {Ethem Alpaydm},
title 		= {Maschinelles Lernen},
publisher 	= {Oldenbourg},
year 		= {2008}
}

@Book{Bates,
author 		= {Bob Bates},
title		= {Game Design: Konzepte, Kreation, Vermarktung},
publisher	= {Sybex Verlag},
year		= {2002},
edition		= {1}
}