@Book{Alpaydin,
author 	= {Ethem Alpaydin},
title 		= {Maschinelles Lernen},
publisher 	= {Oldenbourg},
year 		= {2008},
edition		= {1}
}

@Book{Ertel,
author	= {Wolfgang Ertel},
title		= {Grundkurs K체nstliche Intelligenz: Eine prakmatische Einf체hrung},
publisher	= {Springer},
year		= {2013},
edition	= {3}
}

@Book{Harrington,
author	= {Peter Harrington},
title		= {Machine Learning: IN ACTION},
publisher	= {Manning},
year		= {2012},
edition	= {1}
}

@Book{Russell,
author	= {Stuart Russell and Peter Norvig},
title		= {K체nstliche Intelligenz: Ein moderner Ansatz},
publisher	= {Pearson},
year		= {2012},
edition	= {3}
}

@Book{SB12,
author	= {Richard S. Sutton and Andrew G. Barto},
title		= {Reinforcement Learning: An Introduction},
publisher	= {MIT Press},
year		= {2012},
edition	= {2}
}

@article{KLM96,
author	= {Leslie Pack Kaelblig and Michael L. Littman and Andrew W. Moore},
title		= {Reinforcement Learning: A Survey},
journal	= {Jornal of Artificial Intelligence Research},
volume	= {4},
year		= {1996},
pages		= {237--285}
}

@article{Zobrist,
author	= {Albert L. Zobrist},
title		= {A new hashing method with application for game playing},
journal	= {Technical Report},
volume	= {88},
year		= {1970},
pages		= {1--12}
}

@online{Weyer,
author	= {Willy Weyer},
title		= {Schach als Sport - Beitrag des Abendlandes},
year		= {1977},
url 		= {http://www.schachbund.de/schach-als-sport.html},
urldate	= {2017-03-14}
}

@online{Neander,
author	= {Joachim Neander},
title		= {Computer schl채gt Kasparow},
year		= {1996},
url 		= {https://www.welt.de/print-welt/article652666/Computer-schlaegt-Kasparow.html},
urldate	= {2017-03-14}
}

@online{MacGuire,
author	= {Steve MacGuire},
title		= {Strategy Guide for Reversi and Reversed Reversi},
year		= {2015},
url 		= {http://www.samsoft.org.uk/reversi/strategy.htm},
urldate	= {2017-03-14}
}