%% This BibTeX bibliography file was created using BibDesk.
%% http://bibdesk.sourceforge.net/


%% Created for Jan Oliver Oelerich at 2010-08-01 14:56:22 +0200 


%% Saved with string encoding Unicode (UTF-8) 



@article{a,
	Author = {L. Li and G. Meller and H. Kosina},
	Date-Added = {2010-08-01 14:05:10 +0200},
	Date-Modified = {2010-08-01 14:56:22 +0200},
	Journal = {Journal of Applied Physics},
	Number = {1},
	Pages = {013714},
	Title = {Einstein relation in hopping transport of organic semiconductors},
	Volume = {106},
	Year = {2009},
	Bdsk-Url-1 = {http://link.aip.org/link/?JAP/106/013714/1},
	Bdsk-Url-2 = {http://dx.doi.org/10.1063/1.3159654}}

@book{b,
	Address = {Cambridge},
	Author = {Robert Allan Smith},
	Date-Added = {2010-07-31 17:07:10 +0200},
	Date-Modified = {2010-07-31 17:09:47 +0200},
	Publisher = {University Press},
	Title = {Semiconductors},
	Year = {1963}}

@article{c,
	Author = {S. D. Baranovskii and P. Thomas and G. J. Adriaenssens},
	Date-Added = {2010-07-31 11:43:57 +0200},
	Date-Modified = {2010-07-31 11:44:06 +0200},
	Journal = {J. Non-Cryst. Solids},
	Number = {3},
	Pages = {283 - 287},
	Title = {The concept of transport energy and its application to steady-state photoconductivity in amorphous silicon},
	Volume = {190},
	Year = {1995},
	Bdsk-Url-1 = {http://dx.doi.org/10.1016/0022-3093(95)00285-5}}

@article{d,
	Author = {M. Gr{\"u}newald and P. Thomas},
	Date-Added = {2010-07-31 11:43:18 +0200},
	Date-Modified = {2010-08-01 14:47:12 +0200},
	Journal = {Phys. Status Solidi (b)},
	Number = {1},
	Pages = {125-133},
	Title = {A hopping model for activated charge transport in amorphous silicon},
	Volume = {94},
	Year = {1979}}
